<?xml version="1.0" encoding="UTF-8"?><collection xmlns="http://www.loc.gov/MARC21/slim"><record><leader>00438nam--2200145-i-4500</leader><controlfield tag="001">000002804</controlfield><controlfield tag="002">20161230</controlfield><controlfield tag="005">20161230201025</controlfield><controlfield tag="008">060222s1000------------r-----000-0-eng-d</controlfield><datafield ind1=" " ind2=" " tag="080"><subfield code="a">512.8:519</subfield></datafield><datafield ind1=" " ind2=" " tag="100"><subfield code="a">Bourbaki, N</subfield></datafield><datafield ind1=" " ind2=" " tag="245"><subfield code="a">Algebre. chap. vi. groupes et corps ordonnes. chap.vii. modules sur les anneaux principaux</subfield></datafield><datafield ind1=" " ind2=" " tag="260"><subfield code="a">Paris, Herman Et C-ie, 1948-1952 152 P</subfield></datafield><datafield ind1=" " ind2=" " tag="490"><subfield code="a">Elements De Mathematique, Livre Ii</subfield></datafield><datafield ind1=" " ind2=" " tag="852"><subfield code="a">10659</subfield></datafield></record></collection>